<record><leader>00000cas a22000007a 4500</leader><controlfield tag="001">17159441</controlfield><controlfield tag="008">871202d19511965txuwr ne      0    0eng d</controlfield><datafield ind1=" " ind2=" " tag="010"><subfield code="a">sn 87091230 </subfield></datafield><datafield ind1=" " ind2=" " tag="040"><subfield code="a">PPM</subfield><subfield code="b">eng</subfield><subfield code="c">PPM</subfield><subfield code="d">OCLCQ</subfield></datafield><datafield ind1=" " ind2=" " tag="042"><subfield code="a">msc</subfield></datafield><datafield ind1="0" ind2="0" tag="245"><subfield code="a">Stamford American and the Stamford leader.</subfield></datafield><datafield ind1=" " ind2=" " tag="260"><subfield code="a">Stamford, Tex. :</subfield><subfield code="b">Roy M. Craig,</subfield><subfield code="c">1951-</subfield></datafield><datafield ind1=" " ind2=" " tag="310"><subfield code="a">Weekly</subfield></datafield><datafield ind1="0" ind2=" " tag="362"><subfield code="a">Vol. 51, no. 43 (June 28, 1951)=v. 28, no. 14 (June 28, 1951)-</subfield></datafield><datafield ind1="1" ind2=" " tag="362"><subfield code="a">Ceased with July 8, 1965 issue?</subfield></datafield><datafield ind1=" " ind2=" " tag="580"><subfield code="a">Formed by the union of: Stamford leader, and: Stamford American.</subfield></datafield><datafield ind1=" " ind2=" " tag="752"><subfield code="a">United States</subfield><subfield code="b">Texas</subfield><subfield code="c">Jones</subfield><subfield code="d">Stamford.</subfield></datafield><datafield ind1="1" ind2="4" tag="780"><subfield code="t">Stamford leader</subfield><subfield code="w">(DLC)sn 86090324</subfield></datafield><datafield ind1="1" ind2="4" tag="780"><subfield code="t">Stamford American</subfield><subfield code="w">(DLC)sn 86090325</subfield></datafield><datafield ind1="0" ind2="0" tag="785"><subfield code="t">Stamford American (Stamford, Tex. : 1965)</subfield><subfield code="w">(DLC)sn 87081231</subfield></datafield></record>